%%
%% This is file `example/bare_thesis.bib',
%% generated with the docstrip utility.
%%
%% The original source files were:
%%
%% install/buptgraduatethesis.dtx  (with options: `bare-thesis-bib')
%% 
%% This file is a part of the example of BUPTGraduateThesis.
%% 

@BUPTGraduateThesisBSTCTL{BSTcontrol,
  CTLmaxnum_authors = "3",
  CTLswitch_chs_punc = "no"
}

@INPROCEEDINGS{EMPATH,
  author = "G. W. Cottrell and J. Metcalfe",
  title = "EMPATH: Face, emotion, and gender recognition using holons",
  booktitle = "NIPS",
  publisher = "Proc",
  year = "1990",
  pages = "564- 571",
  note = ""
}

@INPROCEEDINGS{MORPH,
  author = "K. Ricanek and T. Tesafaye",
  title = "MORPH: A Longitudinal Image Database of Normal Adult Age-progression",
  booktitle = "Proc. FGR",
  publisher = "IEEE",
  year = "2006",
  pages = "pp. 341-345",
  note = ""
}
@ELECTRONIC{FGNET,
  title = "Facial Image Processing and Analysis (FIPA)“FG-NET Aging Database,”",
  etype = "EB",
  ehowpublished = "OL",
  source = "http://ﬁpa.cs.kit.edu/433.php#Downloads",
  note = ""
}

@INPROCEEDINGS{FACETRACER,
  author="N. Kumar, P. N. Belhumeur, and S. Nayar",
  title="Facetracer: A search engine for large collections of images with faces",
  booktitle="Proc. ECCV",
  publisher="Springer"
  year="2008",
  pages="pp. 340–353"
}

@ARTICLE{HUHAN,
  author="H. Han, C. Otto, X. Liu, and A. K. Jain",
  title="Demographic estimation from face images: Human vs. machine performance",
  booktitle="Trans. Pattern Anal. Mach. Intell.",
  publisher="IEEE",
  year="June.2015",
  pages="vol. 37, no. 6, pp. 1148–1161"
}

@INPROCEEDINGS{CELEA,
  author="Z. Liu, P. Luo, X. Wang, and X. Tang",
  title="Deep learning face attributes in the wild",
  booktitle="ICCV",
  publisher="IEEE",
  year=" 2015",
  pages="pp. 3730– 3738"
}
@ARTICLE{FERET,
  author="P.J. Phillips, H. Moon, S. A. Rizvi, P.J. Rauss",
  title="The FERET Evaluation Methodology for Face-recognition Algorithms",
  booktitle="Trans. Pattern Anal. Mach. Intell",
  publisher="Oct.IEEE",
  year="2000",
  pages="vol. 22, no. 10, pp. 10901104"
}


@ARTICLE{LBP,
  author="E. Eidinger, R. Enbar, and T. Hassner",
  title="Age and gender estimation of unﬁltered faces",
  booktitle="Trans. Inf. Forensics Security",
  publisher="IEEE",
  year="Dec. 2014",
  pages="vol. 9, no. 12, pp. 2170–2179"
}

@INPROCEEDINGS{PCA,
  author="M. Ehrlich, T. J. Shields, T. Almaev, and M. R. Amer",
  title="Facial attributes classiﬁcation using multi-task representation learning",
  booktitle="CVPR Workshops",
  publisher="IEEE",
  year="2016",
  pages=pp. 752–760""
}


@ARTICLE{BIF,
  author="G. Guo and G. Mu",
  title="A framework for joint estimation of age, gender and ethnicity on a large database",
  booktitle="Image Vision Comput.",
  publisher="Elsevier",
  year="Oct.2014",
  pages="vol. 32, no. 10, pp. 761–770"
}

@INPROCEEDINGS{ADIENCE,
  author="G. Levi and T. Hassner",
  title="Age and gender classiﬁcation using convolutional neural networks",
  booktitle="CVPR Workshops",
  publisher="IEEE",
  year="2015"
  pages=" pp. 1–9"
}

@INPROCEEDINGS{CHALEARN,
  author="S. Escalera, X. Bar´o, H. J. Escalante, and I. Guyon",
  title="Chalearn looking at people: A review of events and resources",
  booktitle="CVPR Workshops",
  publisher="IEEE",
  year="Jan. 2017"
}

@TECHREPORT{LFWA,
  author=" G. B. Huang, M. Ramesh, T. Berg, and E. Learned-Miller",
  title="Labeled Faces in the Wild: A database for studying face recognition in unconstrained environments",
  booktitle="University of Massachusetts Tech. Rep.",
  publisher="University of Massachusetts",
  year=" 07-49, 2007"
}

@INPROCEEDINGS{CNNSVM,
  author="M. Uric´ar, R. Timofte, R. Rothe, J. Matas, and L. V. Gool",
  title="Structured output SVM prediction of apparent age, gender and smile from deep features",
  booktitle="CVPR Workshops",
  publisher="IEEE",
  year="2016"
  pages="pp. 730–738"
}

@ARTICLE{AAM,
  author="X. Geng, Z.-H. Zhou, and K. Smith-Miles",
  title="Automatic Age Estimation Based on Facial Aging Patterns",
  booktitle=" Trans.Pattern Anal. Mach. Intell",
  publisher="IEEE",
  year=" Dec. 2007",
  pages=" vol. 29, no. 12, pp. 2234-2240"
}

@INPROCEEDINGS{MULTITASK,
  author={E. M. Hand and R. Chellappa},
  title={Attributes for improved attributes: A multi-task network for attribute classiﬁcation},
  publisher={ArXiv e-prints},
  year={Apr. 2016}
}

@INPROCEEDINGS{ALEXNET,
  author="A. Krizhevsky, I. Sutskever, and G. E. Hinton",
  title="ImageNet classiﬁcation with deep convolutional neural networks",
  booktitle="Proc. NIPS",
  publisher="MIT Press",
  year="2012"
  pages="pp. 1097–1105"
}

@article{MXNET,
  author    = {Tianqi Chen and
               Mu Li and
               Yutian Li and
               Min Lin and
               Naiyan Wang and
               Minjie Wang and
               Tianjun Xiao and
               Bing Xu and
               Chiyuan Zhang and
               Zheng Zhang},
  title     = {MXNet: {A} Flexible and Efficient Machine Learning Library for Heterogeneous
               Distributed Systems},
  journal   = {CoRR},
  volume    = {abs/1512.01274},
  year      = {2015},
  url       = {http://arxiv.org/abs/1512.01274},
  archivePrefix = {arXiv},
  eprint    = {1512.01274},
  timestamp = {Wed, 07 Jun 2017 14:40:48 +0200},
  biburl    = {http://dblp.org/rec/bib/journals/corr/ChenLLLWWXXZZ15},
  bibsource = {dblp computer science bibliography, http://dblp.org}
}
@InProceedings{XAVIER,
  title =    {Understanding the difficulty of training deep feedforward neural networks},
  author =   {Xavier Glorot and Yoshua Bengio},
  booktitle =    {Proceedings of the Thirteenth International Conference on Artificial Intelligence and Statistics},
  pages =    {249--256},
  year =   {2010},
  editor =   {Yee Whye Teh and Mike Titterington},
  volume =   {9},
  series =   {Proceedings of Machine Learning Research},
  address =    {Chia Laguna Resort, Sardinia, Italy},
  month =    {13--15 May},
  publisher =    {PMLR},
  pdf =    {http://proceedings.mlr.press/v9/glorot10a/glorot10a.pdf},
  url =    {http://proceedings.mlr.press/v9/glorot10a.html}
}
@article{GABOR,
  author    = {Syed Shakib Sarwar and
               Priyadarshini Panda and
               Kaushik Roy},
  title     = {Gabor Filter Assisted Energy Efficient Fast Learning Convolutional
               Neural Networks},
  journal   = {CoRR},
  volume    = {abs/1705.04748},
  year      = {2017},
  url       = {http://arxiv.org/abs/1705.04748},
  archivePrefix = {arXiv},
  eprint    = {1705.04748},
  timestamp = {Wed, 07 Jun 2017 14:42:24 +0200},
  biburl    = {http://dblp.org/rec/bib/journals/corr/SarwarP017},
  bibsource = {dblp computer science bibliography, http://dblp.org}
}
@InProceedings{BGAN,
  title={Boundary-Seeking Generative Adversarial Networks},
  authors={Devon Hjelm, R; Jacob, Athul Paul; Che, Tong; Cho, Kyunghyun; Bengio, Yoshua},
  publisher={eprint arXiv:1702.08431},
  year={02.2017}
}

@INPROCEEDINGS{BATCHNORM,
  author="Ioffe S, Szegedy C.",
  title="Batch normalization: Accelerating deep network training by reducing internal covariate shift",
  booktitle="arXiv: 1502.03167",
  publisher="arXiv preprint ",
  year="2015"
}

@INPROCEEDINGS{MSRA,
  author="He K, Zhang X, Ren S, et al",
  title="Delving deep into rectifiers: Surpassing human-level performance on imagenet classification",
  booktitle="International Conference on Computer Vision",
  publisher="Proceedings of the IEEE",
  year="2015"
  pages=" 1026-1034"
}
@INPROCEEDINGS{1x1CONV,
  author="Lin, M., Chen, Q., and Yan, S",
  title="Network in network",
  booktitle="ICLR",
  year="2014"
}

@article{DEFORMCONV,
  author    = {Jifeng Dai and
               Haozhi Qi and
               Yuwen Xiong and
               Yi Li and
               Guodong Zhang and
               Han Hu and
               Yichen Wei},
  title     = {Deformable Convolutional Networks},
  journal   = {CoRR},
  volume    = {abs/1703.06211},
  year      = {2017},
  url       = {http://arxiv.org/abs/1703.06211},
  archivePrefix = {arXiv},
  eprint    = {1703.06211},
  timestamp = {Wed, 07 Jun 2017 14:42:28 +0200},
  biburl    = {http://dblp.org/rec/bib/journals/corr/DaiQXLZHW17},
  bibsource = {dblp computer science bibliography, http://dblp.org}
}

@article{DILATECONV,
  author    = {Fisher Yu and
               Vladlen Koltun},
  title     = {Multi-Scale Context Aggregation by Dilated Convolutions},
  journal   = {CoRR},
  volume    = {abs/1511.07122},
  year      = {2015},
  url       = {http://arxiv.org/abs/1511.07122},
  archivePrefix = {arXiv},
  eprint    = {1511.07122},
  timestamp = {Wed, 07 Jun 2017 14:40:43 +0200},
  biburl    = {http://dblp.org/rec/bib/journals/corr/YuK15},
  bibsource = {dblp computer science bibliography, http://dblp.org}
}

@article{CAFFE,
  Author = {Jia, Yangqing and Shelhamer, Evan and Donahue, Jeff and Karayev, Sergey and Long, Jonathan and Girshick, Ross and Guadarrama, Sergio and Darrell, Trevor},
  Journal = {arXiv preprint arXiv:1408.5093},
  Title = {Caffe: Convolutional Architecture for Fast Feature Embedding},
  Year = {2014}
}

@article{DCGAN,
  author    = {Alec Radford and
               Luke Metz and
               Soumith Chintala},
  title     = {Unsupervised Representation Learning with Deep Convolutional Generative
               Adversarial Networks},
  journal   = {CoRR},
  volume    = {abs/1511.06434},
  year      = {2015},
  url       = {http://arxiv.org/abs/1511.06434},
  archivePrefix = {arXiv},
  eprint    = {1511.06434},
  timestamp = {Wed, 07 Jun 2017 14:40:30 +0200},
  biburl    = {http://dblp.org/rec/bib/journals/corr/RadfordMC15},
  bibsource = {dblp computer science bibliography, http://dblp.org}
}

@INPROCEEDINGS{GAN,
  author="I. Goodfellow, J. Pouget-Abadie, M. Mirza, B. Xu, D.Warde-Farley,S.Ozair,A.Courville,andY.Bengio",
  title="Generative adversarial nets",
  booktitle="Neural Information Processing Systems",
  publisher="MIT",
  year="2014",
  pages="2672–2680"
}

@article{HUHAN_HETER,
  author    = {Hu Han and
               Anil K. Jain and
               Shiguang Shan and
               Xilin Chen},
  title     = {Heterogeneous Face Attribute Estimation: {A} Deep Multi-Task Learning
               Approach},
  journal   = {CoRR},
  volume    = {abs/1706.00906},
  year      = {2017},
  url       = {http://arxiv.org/abs/1706.00906},
  archivePrefix = {arXiv},
  eprint    = {1706.00906},
  timestamp = {Fri, 27 Oct 2017 15:34:05 +0200},
  biburl    = {http://dblp.org/rec/bib/journals/corr/HanJSC17},
  bibsource = {dblp computer science bibliography, http://dblp.org}
}

@book{BP,
 author = {Rumelhart, David E. and Hinton, Geoffrey E. and Williams, Ronald J.},
 chapter = {Learning Representations by Back-propagating Errors},
 title = {Neurocomputing: Foundations of Research},
 editor = {Anderson, James A. and Rosenfeld, Edward},
 year = {1988},
 isbn = {0-262-01097-6},
 pages = {696--699},
 numpages = {4},
 url = {http://dl.acm.org/citation.cfm?id=65669.104451},
 acmid = {104451},
 publisher = {MIT Press},
 address = {Cambridge, MA, USA}
} 

@article{ROIPOOLING,
  author    = {Ross B. Girshick},
  title     = {Fast {R-CNN}},
  journal   = {CoRR},
  volume    = {abs/1504.08083},
  year      = {2015},
  url       = {http://arxiv.org/abs/1504.08083},
  archivePrefix = {arXiv},
  eprint    = {1504.08083},
  timestamp = {Wed, 07 Jun 2017 14:40:36 +0200},
  biburl    = {http://dblp.org/rec/bib/journals/corr/Girshick15},
  bibsource = {dblp computer science bibliography, http://dblp.org}
}
@article{SPPNET,
  author    = {Kaiming He and
               Xiangyu Zhang and
               Shaoqing Ren and
               Jian Sun},
  title     = {Spatial Pyramid Pooling in Deep Convolutional Networks for Visual
               Recognition},
  journal   = {CoRR},
  volume    = {abs/1406.4729},
  year      = {2014},
  url       = {http://arxiv.org/abs/1406.4729},
  archivePrefix = {arXiv},
  eprint    = {1406.4729},
  timestamp = {Wed, 07 Jun 2017 14:41:13 +0200},
  biburl    = {http://dblp.org/rec/bib/journals/corr/HeZR014},
  bibsource = {dblp computer science bibliography, http://dblp.org}
}

@article{VGGNET,
  author    = {Karen Simonyan and
               Andrew Zisserman},
  title     = {Very Deep Convolutional Networks for Large-Scale Image Recognition},
  journal   = {CoRR},
  volume    = {abs/1409.1556},
  year      = {2014},
  url       = {http://arxiv.org/abs/1409.1556},
  archivePrefix = {arXiv},
  eprint    = {1409.1556},
  timestamp = {Wed, 07 Jun 2017 14:41:51 +0200},
  biburl    = {http://dblp.org/rec/bib/journals/corr/SimonyanZ14a},
  bibsource = {dblp computer science bibliography, http://dblp.org}
}

@article{FASTERRCNN,
  author    = {Shaoqing Ren and
               Kaiming He and
               Ross B. Girshick and
               Jian Sun},
  title     = {Faster {R-CNN:} Towards Real-Time Object Detection with Region Proposal
               Networks},
  journal   = {CoRR},
  volume    = {abs/1506.01497},
  year      = {2015},
  url       = {http://arxiv.org/abs/1506.01497},
  archivePrefix = {arXiv},
  eprint    = {1506.01497},
  timestamp = {Wed, 07 Jun 2017 14:42:40 +0200},
  biburl    = {http://dblp.org/rec/bib/journals/corr/RenHG015},
  bibsource = {dblp computer science bibliography, http://dblp.org}
}

@ELECTRONIC{FCGOOD,
  author={魏秀参},
  title={全连接层的作用是什么},
  language={chs},
  source={zhihu https://www.zhihu.com/question/41037974/answer/150522307}
}
@STANDARD{CUDA,
  author = {NVIDIA Corporation},
  biburl = {https://www.bibsonomy.org/bibtex/2e90a6474d85eac083c921cf5be29f6ef/toevanen},
  interhash = {b29ebbf94430d6d1720b5562b86f6a32},
  intrahash = {e90a6474d85eac083c921cf5be29f6ef},
  keywords = {CUDA},
  timestamp = {2011-05-06T13:36:56.000+0200},
  title = {NVIDIA CUDA C Programming Guide},
  year = {2010}
}

@article{WINOGRAD,
  author    = {Andrew Lavin},
  title     = {Fast Algorithms for Convolutional Neural Networks},
  journal   = {CoRR},
  volume    = {abs/1509.09308},
  year      = {2015},
  url       = {http://arxiv.org/abs/1509.09308},
  archivePrefix = {arXiv},
  eprint    = {1509.09308},
  timestamp = {Wed, 07 Jun 2017 14:40:45 +0200},
  biburl    = {http://dblp.org/rec/bib/journals/corr/Lavin15b},
  bibsource = {dblp computer science bibliography, http://dblp.org}
}

@inproceedings{MEC,
  author    = {Minsik Cho and
               Daniel Brand},
  title     = {{MEC:} Memory-efficient Convolution for Deep Neural Network},
  booktitle = {Proceedings of the 34th International Conference on Machine Learning,
               {ICML} 2017, Sydney, NSW, Australia, 6-11 August 2017},
  pages     = {815--824},
  year      = {2017},
  crossref  = {DBLP:conf/icml/2017},
  url       = {http://proceedings.mlr.press/v70/cho17a.html},
  timestamp = {Wed, 16 Aug 2017 11:08:55 +0200},
  biburl    = {http://dblp.org/rec/bib/conf/icml/ChoB17},
  bibsource = {dblp computer science bibliography, http://dblp.org}
}

@ELECTRONIC{NNPACK,
author={ Marat Dukhan and Andrew Tulloch},
title={Acceleration package for neural networks on ulti-core CPUs},
source={https://github.com/Maratyszcza/NNPACK}
}

@ELECTRONIC{MKL,
author={Intel Corporation},
title={Intel(R) Math Kernel Library for Deep Neural Networks (Intel(R) MKL-DNN) },
source={https://github.com/01org/mkl-dnn}
}

@article{CUDNN,
  author    = {Sharan Chetlur and
               Cliff Woolley and
               Philippe Vandermersch and
               Jonathan Cohen and
               John Tran and
               Bryan Catanzaro and
               Evan Shelhamer},
  title     = {cuDNN: Efficient Primitives for Deep Learning},
  journal   = {CoRR},
  volume    = {abs/1410.0759},
  year      = {2014},
  url       = {http://arxiv.org/abs/1410.0759},
  archivePrefix = {arXiv},
  eprint    = {1410.0759},
  timestamp = {Wed, 07 Jun 2017 14:40:09 +0200},
  biburl    = {http://dblp.org/rec/bib/journals/corr/ChetlurWVCTCS14},
  bibsource = {dblp computer science bibliography, http://dblp.org}
}

@article{CIFAR10,
title= {CIFAR-10 (Canadian Institute for Advanced Research)},
journal= {},
author= {Alex Krizhevsky and Vinod Nair and Geoffrey Hinton},
year= {},
url= {http://www.cs.toronto.edu/~kriz/cifar.html},
abstract= {The CIFAR-10 dataset consists of 60000 32x32 colour images in 10 classes, with 6000 images per class. There are 50000 training images and 10000 test images. 

The dataset is divided into five training batches and one test batch, each with 10000 images. The test batch contains exactly 1000 randomly-selected images from each class. The training batches contain the remaining images in random order, but some training batches may contain more images from one class than another. Between them, the training batches contain exactly 5000 images from each class. },
ieywords= {Dataset},
terms= {}
}

@article{MNIST,
  added-at = {2010-06-28T21:16:30.000+0200},
  author = {LeCun, Yann and Cortes, Corinna},
  biburl = {https://www.bibsonomy.org/bibtex/2935bad99fa1f65e03c25b315aa3c1032/mhwombat},
  groups = {public},
  howpublished = {http://yann.lecun.com/exdb/mnist/},
  interhash = {21b9d0558bd66279df9452562df6e6f3},
  intrahash = {935bad99fa1f65e03c25b315aa3c1032},
  keywords = {MSc _checked character_recognition mnist network neural},
  lastchecked = {2016-01-14 14:24:11},
  timestamp = {2016-07-12T19:25:30.000+0200},
  title = {{MNIST} handwritten digit database},
  url = {http://yann.lecun.com/exdb/mnist/},
  username = {mhwombat},
  year = {2010}
}



@article{PVNET,
  author    = {Kye{-}Hyeon Kim and
               Yeongjae Cheon and
               Sanghoon Hong and
               Byung{-}Seok Roh and
               Minje Park},
  title     = {{PVANET:} Deep but Lightweight Neural Networks for Real-time Object
               Detection},
  journal   = {CoRR},
  volume    = {abs/1608.08021},
  year      = {2016},
  url       = {http://arxiv.org/abs/1608.08021},
  archivePrefix = {arXiv},
  eprint    = {1608.08021},
  timestamp = {Wed, 07 Jun 2017 14:42:55 +0200},
  biburl    = {http://dblp.org/rec/bib/journals/corr/KimCHRP16},
  bibsource = {dblp computer science bibliography, http://dblp.org}
}

@InProceedings{WGAN,
  title =    {{W}asserstein Generative Adversarial Networks},
  author =   {Martin Arjovsky and Soumith Chintala and L{\'e}on Bottou},
  booktitle =    {Proceedings of the 34th International Conference on Machine Learning},
  pages =    {214--223},
  year =   {2017},
  editor =   {Doina Precup and Yee Whye Teh},
  volume =   {70},
  series =   {Proceedings of Machine Learning Research},
  address =    {International Convention Centre, Sydney, Australia},
  month =    {06--11 Aug},
  publisher =    {PMLR},
  pdf =    {http://proceedings.mlr.press/v70/arjovsky17a/arjovsky17a.pdf},
  url =    {http://proceedings.mlr.press/v70/arjovsky17a.html},
  abstract =   {We introduce a new algorithm named WGAN, an alternative to traditional GAN training. In this new model, we show that we can improve the stability of learning, get rid of problems like mode collapse, and provide meaningful learning curves useful for debugging and hyperparameter searches. Furthermore, we show that the corresponding optimization problem is sound, and provide extensive theoretical work highlighting the deep connections to different distances between distributions.}
}

@article{BGAN,
  author    = {David Berthelot and
               Tom Schumm and
               Luke Metz},
  title     = {{BEGAN:} Boundary Equilibrium Generative Adversarial Networks},
  journal   = {CoRR},
  volume    = {abs/1703.10717},
  year      = {2017},
  url       = {http://arxiv.org/abs/1703.10717},
  archivePrefix = {arXiv},
  eprint    = {1703.10717},
  timestamp = {Wed, 07 Jun 2017 14:42:35 +0200},
  biburl    = {http://dblp.org/rec/bib/journals/corr/BerthelotSM17},
  bibsource = {dblp computer science bibliography, http://dblp.org}
}

@article{RESNET,
  author    = {Kaiming He and
               Xiangyu Zhang and
               Shaoqing Ren and
               Jian Sun},
  title     = {Deep Residual Learning for Image Recognition},
  journal   = {CoRR},
  volume    = {abs/1512.03385},
  year      = {2015},
  url       = {http://arxiv.org/abs/1512.03385},
  archivePrefix = {arXiv},
  eprint    = {1512.03385},
  timestamp = {Wed, 07 Jun 2017 14:41:17 +0200},
  biburl    = {http://dblp.org/rec/bib/journals/corr/HeZRS15},
  bibsource = {dblp computer science bibliography, http://dblp.org}
}

@article{ESPCN,
  author    = {Wenzhe Shi and
               Jose Caballero and
               Ferenc Husz{\'{a}}r and
               Johannes Totz and
               Andrew P. Aitken and
               Rob Bishop and
               Daniel Rueckert and
               Zehan Wang},
  title     = {Real-Time Single Image and Video Super-Resolution Using an Efficient
               Sub-Pixel Convolutional Neural Network},
  journal   = {CoRR},
  volume    = {abs/1609.05158},
  year      = {2016},
  url       = {http://arxiv.org/abs/1609.05158},
  archivePrefix = {arXiv},
  eprint    = {1609.05158},
  timestamp = {Wed, 07 Jun 2017 14:40:18 +0200},
  biburl    = {http://dblp.org/rec/bib/journals/corr/ShiCHTABRW16},
  bibsource = {dblp computer science bibliography, http://dblp.org}
}

@INPROCEEDINGS{TRGAN,
  author={Jinchang Xu},
  title={Face Hallucination with Tiny Images in Surveillance via Generative Adversarial Networks},
  booktitle={CVPR submission.Paper ID 1832}
}

@ELECTRONIC{TRANSFOR,
  author={罗远飞},
  title={迁移学习实战：从算法到实践},
  source={http://www.infoq.com/cn/articles/migration-learning-from-algorithm-to-practice}
}